
    <zs:record>
      <zs:recordSchema/>
      <zs:recordPacking>xml</zs:recordPacking>
      <zs:recordData>
        <record xmlns="http://www.loc.gov/MARC21/slim">
          <leader>00739cam a2200217u  4500</leader>
          <controlfield tag="001">8485404</controlfield>
          <controlfield tag="005">20080206082023.0</controlfield>
          <controlfield tag="008">830523s1965    enkabe        000 0 eng  </controlfield>
          <datafield tag="035" ind1=" " ind2=" ">
            <subfield code="9">(DLC)   67096487</subfield>
          </datafield>
          <datafield tag="906" ind1=" " ind2=" ">
            <subfield code="a">0</subfield>
            <subfield code="b">cbc</subfield>
            <subfield code="c">premunv</subfield>
            <subfield code="d">u</subfield>
            <subfield code="e">ncip</subfield>
            <subfield code="f">19</subfield>
            <subfield code="g">y-gencatlg</subfield>
          </datafield>
          <datafield tag="010" ind1=" " ind2=" ">
            <subfield code="a">   67096487 </subfield>
          </datafield>
          <datafield tag="040" ind1=" " ind2=" ">
            <subfield code="a">DLC</subfield>
            <subfield code="c">CarP</subfield>
            <subfield code="d">DLC</subfield>
          </datafield>
          <datafield tag="050" ind1="0" ind2="0">
            <subfield code="a">DG975.S9</subfield>
            <subfield code="b">G8 1965</subfield>
          </datafield>
          <datafield tag="100" ind1="1" ind2=" ">
            <subfield code="a">Guido, Margaret. [from old catalog]</subfield>
          </datafield>
          <datafield tag="245" ind1="0" ind2="0">
            <subfield code="a">Syracuse:</subfield>
            <subfield code="b">a handbook to its history and principal monuments;</subfield>
          </datafield>
          <datafield tag="250" ind1=" " ind2=" ">
            <subfield code="a">4th ed.</subfield>
          </datafield>
          <datafield tag="260" ind1=" " ind2=" ">
            <subfield code="a">London,</subfield>
            <subfield code="b">Parrish,</subfield>
            <subfield code="c">1965.</subfield>
          </datafield>
          <datafield tag="300" ind1=" " ind2=" ">
            <subfield code="a">96 p.</subfield>
            <subfield code="b">3 fronts. (incl. maps), illus., plans.</subfield>
            <subfield code="c">19 cm.</subfield>
          </datafield>
          <datafield tag="650" ind1=" " ind2="0">
            <subfield code="a">Syracuse (Italy)</subfield>
            <subfield code="x">History.</subfield>
          </datafield>
          <datafield tag="651" ind1=" " ind2="0">
            <subfield code="a">Syracuse (Italy)</subfield>
            <subfield code="x">Antiquities.</subfield>
          </datafield>
          <datafield tag="991" ind1=" " ind2=" ">
            <subfield code="b">c-GenColl</subfield>
            <subfield code="h">DG975.S9</subfield>
            <subfield code="i">G8 1965</subfield>
            <subfield code="p">00011591887</subfield>
            <subfield code="t">Copy 1</subfield>
            <subfield code="w">PREM</subfield>
          </datafield>
        </record>
      </zs:recordData>
      <zs:recordPosition>10</zs:recordPosition>
    </zs:record>
  </zs:records>
  <zs:echoedSearchRetrieveRequest>
    <zs:version>1.1</zs:version>
    <zs:query>dc.creator="Piggott, Peggy" or dc.creator="Preston, Peggy" or dc.creator="Guido, Margaret"</zs:query>
    <zs:maximumRecords>100</zs:maximumRecords>
    <zs:recordPacking>xml</zs:recordPacking>
  </zs:echoedSearchRetrieveRequest>
</zs:searchRetrieveResponse>
